@inproceedings{Hudak:2007:HHL:1238844.1238856,
 author = {Hudak, Paul and Hughes, John and Peyton Jones, Simon and Wadler, Philip},
 title = {A History of Haskell: Being Lazy with Class},
 booktitle = {Proceedings of the Third ACM SIGPLAN Conference on History of Programming Languages},
 series = {HOPL III},
 year = {2007},
 isbn = {978-1-59593-766-7},
 location = {San Diego, California},
 pages = {12-1--12-55},
 url = {http://doi.acm.org/10.1145/1238844.1238856},
 doi = {10.1145/1238844.1238856},
 acmid = {1238856},
 publisher = {ACM},
 address = {New York, NY, USA},
}
@article{Hall:1996:TCH:227699.227700,
  author = {Hall, Cordelia V. and Hammond, Kevin and Peyton Jones, Simon L. and Wadler, Philip L.},
  title = {Type Classes in Haskell},
  journal = {ACM Trans. Program. Lang. Syst.},
  issue_date = {March 1996},
  volume = {18},
  number = {2},
  month = mar,
  year = {1996},
  issn = {0164-0925},
  pages = {109--138},
  numpages = {30},
  url = {http://doi.acm.org/10.1145/227699.227700},
  doi = {10.1145/227699.227700},
  acmid = {227700},
  publisher = {ACM},
  address = {New York, NY, USA},
  keywords = {Haskell, functional programming, type classes, types},
}
