@inproceedings{hoh07,
 author = {Hudak, Paul and Hughes, John and Peyton Jones, Simon and Wadler, Philip},
 title = {A History of Haskell: Being Lazy with Class},
 booktitle = {Proceedings of the Third ACM SIGPLAN Conference on History of Programming Languages},
 series = {HOPL III},
 year = {2007},
 isbn = {978-1-59593-766-7},
 location = {San Diego, California},
 pages = {12-1--12-55},
 url = {http://doi.acm.org/10.1145/1238844.1238856},
 doi = {10.1145/1238844.1238856},
 acmid = {1238856},
 publisher = {ACM},
 address = {New York, NY, USA},
}
@article{tcih96,
 author = {Hall, Cordelia V. and Hammond, Kevin and Peyton Jones, Simon L. and Wadler, Philip L.},
 title = {Type Classes in Haskell},
 journal = {ACM Trans. Program. Lang. Syst.},
 issue_date = {March 1996},
 volume = {18},
 number = {2},
 month = mar,
 year = {1996},
 issn = {0164-0925},
 pages = {109--138},
 numpages = {30},
 url = {http://doi.acm.org/10.1145/227699.227700},
 doi = {10.1145/227699.227700},
 acmid = {227700},
 publisher = {ACM},
 address = {New York, NY, USA},
 keywords = {Haskell, functional programming, type classes, types},
}
@inproceedings{ifp93,
 author = {Peyton Jones, Simon L. and Wadler, Philip},
 title = {Imperative Functional Programming},
 booktitle = {Proceedings of the 20th ACM SIGPLAN-SIGACT Symposium on Principles of Programming Languages},
 series = {POPL '93},
 year = {1993},
 isbn = {0-89791-560-7},
 location = {Charleston, South Carolina, USA},
 pages = {71--84},
 numpages = {14},
 url = {http://doi.acm.org/10.1145/158511.158524},
 doi = {10.1145/158511.158524},
 acmid = {158524},
 publisher = {ACM},
 address = {New York, NY, USA},
}
@inproceedings{moggi89,
 author = {Moggi, E.},
 title = {Computational Lambda-calculus and Monads},
 booktitle = {Proceedings of the Fourth Annual Symposium on Logic in Computer Science},
 year = {1989},
 isbn = {0-8186-1954-6},
 location = {Pacific Grove, California, USA},
 pages = {14--23},
 numpages = {10},
 url = {http://dl.acm.org/citation.cfm?id=77350.77353},
 acmid = {77353},
 publisher = {IEEE Press},
 address = {Piscataway, NJ, USA},
}
@inproceedings{cm90,
 author = {Wadler, Philip},
 title = {Comprehending Monads},
 booktitle = {Proceedings of the 1990 ACM Conference on LISP and Functional Programming},
 series = {LFP '90},
 year = {1990},
 isbn = {0-89791-368-X},
 location = {Nice, France},
 pages = {61--78},
 numpages = {18},
 url = {http://doi.acm.org/10.1145/91556.91592},
 doi = {10.1145/91556.91592},
 acmid = {91592},
 publisher = {ACM},
 address = {New York, NY, USA},
}
@inproceedings{Wadler:1992:EFP:143165.143169,
 author = {Wadler, Philip},
 title = {The Essence of Functional Programming},
 booktitle = {Proceedings of the 19th ACM SIGPLAN-SIGACT Symposium on Principles of Programming Languages},
 series = {POPL '92},
 year = {1992},
 isbn = {0-89791-453-8},
 location = {Albuquerque, New Mexico, USA},
 pages = {1--14},
 numpages = {14},
 url = {http://doi.acm.org/10.1145/143165.143169},
 doi = {10.1145/143165.143169},
 acmid = {143169},
 publisher = {ACM},
 address = {New York, NY, USA},
}
